<?xml version="1.0" encoding="UTF-8"?><collection xmlns="http://www.loc.gov/MARC21/slim"><record><leader>00459nam--2200181-i-4500</leader><controlfield tag="001">000040773</controlfield><controlfield tag="002">20161230</controlfield><controlfield tag="005">20161230201042</controlfield><controlfield tag="008">060222s1000------------r-----000-0-rus-d</controlfield><datafield ind1=" " ind2=" " tag="041"><subfield code="a">rus</subfield></datafield><datafield ind1=" " ind2=" " tag="080"><subfield code="a">537.911:538.9</subfield></datafield><datafield ind1="1" ind2=" " tag="100"><subfield code="a">Schilling, Heinz</subfield></datafield><datafield ind1="1" ind2="0" tag="245"><subfield code="a">Festkorperphysik</subfield><subfield code="c">Heinz schilling</subfield></datafield><datafield ind1=" " ind2=" " tag="260"><subfield code="a">Leipzig</subfield><subfield code="b">Veb Fachbuchverlag</subfield><subfield code="c">1976</subfield></datafield><datafield ind1=" " ind2=" " tag="300"><subfield code="a">388P</subfield></datafield><datafield ind1=" " ind2=" " tag="490"><subfield code="a">Physik In Beispielen</subfield></datafield><datafield ind1=" " ind2=" " tag="852"><subfield code="a">45840</subfield><subfield code="c">537:538</subfield></datafield><datafield ind1=" " ind2=" " tag="CAT"><subfield code="a">Sys</subfield><subfield code="c">20110622</subfield><subfield code="h">120115</subfield></datafield></record></collection>